<?xml version="1.0" encoding="UTF-8"?><record xmlns="http://www.loc.gov/MARC21/slim" xmlns:cinclude="http://apache.org/cocoon/include/1.0" xmlns:zs="http://www.loc.gov/zing/srw/">
  <leader>00398nz  a2200121n  4500</leader>
  <controlfield tag="001">n  86133752 </controlfield>
  <controlfield tag="003">DLC</controlfield>
  <controlfield tag="005">19860606110058.7</controlfield>
  <controlfield tag="008">860528n| acannaab|          |n aaa |||  </controlfield>
  <datafield tag="010" ind1=" " ind2=" ">
    <subfield code="a">n  86133752 </subfield>
  </datafield>
  <datafield tag="040" ind1=" " ind2=" ">
    <subfield code="a">DLC</subfield>
    <subfield code="c">DLC</subfield>
    <subfield code="d">DLC</subfield>
  </datafield>
  <datafield tag="100" ind1="1" ind2="0">
    <subfield code="a">Cantor, Joan H.</subfield>
  </datafield>
  <datafield tag="670" ind1=" " ind2=" ">
    <subfield code="a">Essays and experiments in honor of Charles C. Spiker, 1986:</subfield>
    <subfield code="b">CIP t.p. (Joan H. Cantor) galley (Dept. of Psychology, Univ. of Iowa, Iowa City)</subfield>
  </datafield>
</record>